<record><leader>00000cas a22000007a 4500</leader><controlfield tag="001">21158806</controlfield><controlfield tag="008">900302d19321980moudr ne      0    0eng d</controlfield><datafield ind1=" " ind2=" " tag="010"><subfield code="a">sn 90061261 </subfield></datafield><datafield ind1=" " ind2=" " tag="040"><subfield code="a">MQN</subfield><subfield code="b">eng</subfield><subfield code="c">MQN</subfield><subfield code="d">OCLCQ</subfield></datafield><datafield ind1=" " ind2=" " tag="042"><subfield code="a">msc</subfield></datafield><datafield ind1="0" ind2="4" tag="245"><subfield code="a">The Lexington advertiser-news.</subfield></datafield><datafield ind1=" " ind2=" " tag="260"><subfield code="a">Lexington, Mo. :</subfield><subfield code="b">Lexington Advertiser-News Pub. Co.,</subfield><subfield code="c">1932-1980.</subfield></datafield><datafield ind1=" " ind2=" " tag="300"><subfield code="a">v.</subfield></datafield><datafield ind1=" " ind2=" " tag="310"><subfield code="a">Weekly,</subfield><subfield code="b">June 9, 1977-Feb. 14, 1980</subfield></datafield><datafield ind1=" " ind2=" " tag="321"><subfield code="a">Daily,</subfield><subfield code="b">Oct. 3, 1932-Feb. 11, 1977</subfield></datafield><datafield ind1=" " ind2=" " tag="321"><subfield code="a">Semiweekly,</subfield><subfield code="b">Feb. 14-June 3, 1977</subfield></datafield><datafield ind1="0" ind2=" " tag="362"><subfield code="a">Vol. 33, no. 226 (Oct. 3, 1932)- ; -v. 118, no. 31 (Feb. 14, 1980).</subfield></datafield><datafield ind1=" " ind2=" " tag="515"><subfield code="a">Numbering changes from vol. 72, no. 121 (July 16, 1971) to v. 110, no. 1 (July 19, 1971).</subfield></datafield><datafield ind1=" " ind2="4" tag="651"><subfield code="a">Lexington (Mo.)</subfield><subfield code="v">Newspapers.</subfield></datafield><datafield ind1=" " ind2=" " tag="752"><subfield code="a">United States</subfield><subfield code="b">Missouri</subfield><subfield code="c">Lafayette</subfield><subfield code="d">Lexington.</subfield></datafield><datafield ind1="0" ind2="4" tag="780"><subfield code="t">Lexington advertiser</subfield><subfield code="w">(DLC)sn 90061260</subfield></datafield><datafield ind1="0" ind2="4" tag="780"><subfield code="t">Lexington daily news</subfield><subfield code="w">(DLC)sn 90061259</subfield></datafield><datafield ind1="0" ind2="0" tag="785"><subfield code="t">Lexington news (Lexington, Mo. : 1980)</subfield><subfield code="w">(DLC)sn 90061262</subfield></datafield><datafield ind1="1" ind2=" " tag="029"><subfield code="a">AU@</subfield><subfield code="b">000020593632</subfield></datafield></record>